@phdthesis{ramos2023,
	author = {Ramos, J. A. and Dacanay, J. P. and Bronuela-Ambrocio, L.},
	title = {{A Review of the Current Practices in the Pavement Surface Monitoring in the Philippines}},
	school = {University of the Philippines Diliman},
	year = {2023},
	url = {https://ncts.upd.edu.ph/tssp/wp-content/uploads/2023/01/TSSP2022_09.pdf}
}

@book{kelleher2019,
	author = {Kelleher, J.},
	title = {{Deep Learning}},
	year = {2019},
	note = {In Google Books},
	url = {https://books.google.com.ph/books?hl=en&lr=&id=b06qDwAAQBAJ&oi=fnd&pg=PP9&dq=what+is+deep+learning&ots=_pCSXIk_WN&sig=EoGHTk7LjEBuR_OtFNX87LYOYU4&redir_esc=y#v=onepage&q=what%20is%20deep%20learning&f=false}
}

@article{solawetz2024,
	author = {Solawetz, J.},
	title = {{What is YOLOv5? A Guide for Beginners}},
	journal = {{Roboflow Blog}},
	year = {2024},
	month = {April},
	url = {https://blog.roboflow.com/yolov5-improvements-and-evaluation/}
}

@article{kumar2024,
	author = {Kumar, A.},
	title = {{What is Image Processing: Overview, Applications, Benefits, and More}},
	year = {2024},
	month = {October},
	journal = {{AI and Machine Learning}},
	url = {https://www.simplilearn.com/image-processing-article},
	note = {Accessed: January 1, 2025}
}

@online{riches2014,
	author       = {{RICHES Project}},
	title        = {{Video Processing}},
	year         = {2014},
	url          = {https://resources.riches-project.eu/glossary/video-processing/},
	organization = {RICHES Resources},
}

@article{ha2022,
	author = {Ha, J. and Kim, D. and Kim, M.},
	title = {{Assessing Severity of Road Cracks Using Deep Learning-Based Segmentation and Detection}},
	journal = {{The Journal of Supercomputing}},
	volume = {78},
	number = {16},
	pages = {17721--17735},
	year = {2022},
	doi = {10.1007/s11227-022-04560-x}
}

@article{bibi2021,
	author = {Bibi, R. and Saeed, Y. and Zeb, A. and Ghazal, T. M. and Rahman, T. and Said, R. A. and Abbas, S. and Ahmad, M. and Khan, M. A.},
	title = {{Edge AI‚ÄêBased Automated Detection and Classification of Road Anomalies in VANET Using Deep Learning}},
	journal = {{Computational Intelligence and Neuroscience}},
	volume = {2021},
	number = {1},
	year = {2021},
	doi = {10.1155/2021/6262194}
}

@article{sattar2018,
	author = {Sattar, S. and Li, S. and Chapman, M.},
	title = {{Road Surface Monitoring Using Smartphone Sensors: A Review}},
	journal = {Sensors},
	volume = {18},
	number = {11},
	pages = {3845--3845},
	year = {2018},
	doi = {10.3390/s18113845}
}

@incollection{singh2021,
	author = {Singh, P. and Bansal, A. and Kamal, A. E. and Kumar, S.},
	title = {{Road Surface Quality Monitoring Using Machine Learning Algorithm}},
	booktitle = {{Smart Innovation, Systems and Technologies}},
	pages = {423--432},
	year = {2021},
	doi = {10.1007/978-981-16-6482-3_42}
}

@article{ramaiah2021,
	author = {Ramaiah, N. K. B. and Kundu, S.},
	title = {{Stereo Vision Based Pothole Detection System for Improved Ride Quality}},
	journal = {{SAE International Journal of Advances and Current Practices in Mobility}},
	volume = {3},
	number = {5},
	pages = {2603--2610},
	year = {2021},
	doi = {10.4271/2021-01-0085}
}

@article{wasser2024,
	author = {Wasser, L.},
	title = {{The Basics of LiDAR - Light Detection and Ranging - Remote Sensing}},
	year = {2024},
	month = {September},
	url = {https://www.neonscience.org/resources/learning-hub/tutorials/lidar-basics},
	note = {Accessed: January 1, 2025}
}

@article{luo2020,
	author = {Luo, D. and Lu, J. and Guo, G.},
	title = {{Road Anomaly Detection Through Deep Learning Approaches}},
	journal = {IEEE Journals and Magazine},
	year = {2020},
	month = {June},
	note = {https://ieeexplore.ieee.org/document/9123753/}
}

@inproceedings{kyriakou2016,
	author = {Kyriakou, C. and Christodoulou, S. E. and Dimitriou, L.},
	title = {{Roadway Pavement Anomaly Classification Utilizing Smartphones and Artificial Intelligence}},
	booktitle = {{Proceedings of the IEEE Conference}},
	year = {2016},
	month = {April},
	url = {https://ieeexplore.ieee.org/abstract/document/7495459}
}

@article{ravi2020,
	author = {Ravi, R. and Habib, A. and Bullock, D.},
	title = {{Pothole Mapping and Patching Quantity Estimates Using LiDAR-Based Mobile Mapping Systems}},
	journal = {Transportation Research Record: Journal of the Transportation Research Board},
	volume = {2674},
	number = {9},
	pages = {124--134},
	year = {2020},
	doi = {10.1177/0361198120927006}
}

@inproceedings{long2021,
	author = {Long, Y. and Wang, J. and Zhang, H. and Mei, T. and Shen, X.},
	title = {{Multi-View Depth Estimation Using Epipolar Spatio-Temporal Networks}},
	booktitle = {{Proceedings of the IEEE/CVF Conference on Computer Vision and Pattern Recognition (CVPR)}},
	year = {2021},
	doi = {10.1109/CVPR46437.2021.01567}
}

@article{sanz2012,
	author = {Sanz, P. and Mezcua, B. and Pena, J.},
	title = {{Depth Estimation: An Introduction}},
	journal = {{Current Advancements in Stereo Vision}},
	year = {2012},
	doi = {10.5772/45904},
	url = {http://dx.doi.org/10.5772/45904}
}

@article{scharstein2002,
	author = {Scharstein, Daniel and Szeliski, Richard},
	title = {{A Taxonomy and Evaluation of Dense Two-Frame Stereo Correspondence Algorithms}},
	journal = {{International Journal of Computer Vision}},
	volume = {47},
	number = {1},
	pages = {7--42},
	year = {2002},
	publisher = {Springer},
	doi = {10.1023/A:1014573219977},
	url = {https://link.springer.com/article/10.1023/A:1014573219977}
}

@book{miller2014,
	author    = {Miller, J. S. and Bellinger, W. Y.},
	title     = {{Distress Identification Manual for the {Long-Term Pavement Performance} Program}},
	year      = {2014},
	publisher = {{U.S. Department of Transportation, Federal Highway Administration}},
	url       = {https://rosap.ntl.bts.gov/view/dot/28612}
}

@misc{chua2024,
	author       = {Chua, Jane},
	year         = {2024},
	note         = {Personal interview},
	howpublished = {Interview by the author},
	month        = sep,
}

@misc{balita2024,
	author       = {Christy Balita},
	title        = {{Road length Philippines 2023, by classification}},
	year         = {2024},
	month        = jun,
	day          = 14,
	url = {https://www.statista.com/statistics/1276356/philippines-road-length-by-classification/},
